<record><leader>00000cas a2200000 a 4500</leader><controlfield tag="001">11242697</controlfield><controlfield tag="008">841009d19091917ksuwr ne      0   a0eng d</controlfield><datafield ind1=" " ind2=" " tag="010"><subfield code="a">sn 84029857 </subfield></datafield><datafield ind1=" " ind2=" " tag="040"><subfield code="a">KSH</subfield><subfield code="b">eng</subfield><subfield code="c">KSH</subfield><subfield code="d">NPT</subfield><subfield code="d">OCL</subfield><subfield code="d">OCLCQ</subfield></datafield><datafield ind1=" " ind2=" " tag="042"><subfield code="a">msc</subfield></datafield><datafield ind1="0" ind2="4" tag="245"><subfield code="a">The Dodge City Kansas journal.</subfield></datafield><datafield ind1=" " ind2=" " tag="260"><subfield code="a">Dodge City, Kan. :</subfield><subfield code="b">T.J. Schall,</subfield><subfield code="c">1909-1917.</subfield></datafield><datafield ind1=" " ind2=" " tag="300"><subfield code="a">8 v. :</subfield><subfield code="b">ill. ;</subfield><subfield code="c">55-60 cm.</subfield></datafield><datafield ind1=" " ind2=" " tag="310"><subfield code="a">Weekly</subfield></datafield><datafield ind1="0" ind2=" " tag="362"><subfield code="a">26th yr., no. 1 (Jan. 1, 1909)-32nd yr., no. 51 (Dec. 14, 1916) ; vol. 36, no. 1 (Dec. 25, 1916)-v. 37, no. 13 (Mar. 29, 1917).</subfield></datafield><datafield ind1=" " ind2=" " tag="500"><subfield code="a">Published by: C.T. Warren, Feb. 3, 1914-July 6, 1916; Busenbark Bros., July 3, 1916-Feb. 1, 1917; Kershner and Kelso, Feb. 8-Mar. 29, 1917.</subfield></datafield><datafield ind1=" " ind2=" " tag="580"><subfield code="a">Issued also in daily edition called: Dodge City daily journal, Oct. 17, 1916-Mar. 29, 1917.</subfield></datafield><datafield ind1=" " ind2=" " tag="752"><subfield code="a">United States</subfield><subfield code="b">Kansas</subfield><subfield code="c">Ford</subfield><subfield code="d">Dodge City.</subfield></datafield><datafield ind1="1" ind2=" " tag="775"><subfield code="t">Dodge City daily journal</subfield><subfield code="g">Oct. 17, 1916-Mar. 29, 1917</subfield><subfield code="w">(DLC)sn 84029861</subfield></datafield><datafield ind1="0" ind2="0" tag="780"><subfield code="t">Journal-democrat</subfield><subfield code="w">(DLC)sn 84029859</subfield></datafield><datafield ind1="0" ind2="4" tag="785"><subfield code="t">Dodge City daily journal</subfield><subfield code="w">(DLC)sn 84029861</subfield></datafield></record>